
@article{kuby2004factors,
  title={Factors influencing light-rail station boardings in the United States},
  author={Kuby, Michael and Barranda, Anthony and Upchurch, Christopher},
  journal={Transportation Research Part A: Policy and Practice},
  volume={38},
  number={3},
  pages={223--247},
  year={2004},
  publisher={Elsevier}
}